@misc{Restrepo2023,
  author       = {Óscar Restrepo Gaitán},
  title        = {Desarrollo de tecnologías y metodologías para mejorar la observación de la línea de 21 cm del hidrógeno neutro},
  year         = 2023,
  url          = {https://repositorio.uchile.cl/handle/2250/198618},
}

@misc{Astudillo2014,
  author       = {Paola Astudillo Alvarado},
  title        = {Medición del patrón de radiación del telescopio Mini},
  year         = 2014,
  url          = {https://repositorio.uchile.cl/handle/2250/116317},
}

@phdthesis{Cassanelli2022,
  author       = {Tomás Alberto Cassanelli},
  title        = {Fast Radio Burst localization with Very Long Baseline Interferometry},
  school       = {University of Toronto},
  year         = 2022,
  url          = {https://hdl.handle.net/1807/125671}
}

@phdthesis{Finger2013,
  author       = {Ricardo Alberto Finger},
  title        = {Design and construction of a digital sideband separating spectrometer for the 1.2-meter southern radio telescope},
  year         = 2013,
  url          = {https://repositorio.uchile.cl/handle/2250/113943},
}

@misc{DAS2024,
  author       = {{Departamento de Astronomía, Universidad de Chile}},
  title        = {Current Projects, MINI radio-telescope installed in Cerro Calan in 2010},
  year         = 2024,
  howpublished = {Online},
  url          = {http://www.das.uchile.cl/lab_mwl/project.html}
}

@misc{FAST2024,
  author       = {{FAST (Five-hundred-meter Aperture Spherical Telescope)}},
  title        = {FAST Observatory},
  organization = {National Astronomical Observatories, Chinese Academy of Sciences},
  year         = 2024,
  howpublished = {Online},
  url          = {https://fast.bao.ac.cn/}
}

@misc{CHIME,
  author       = {{CHIME/FRB Collaboration}},
  title        = {CHIME/FRB Experiment},
  howpublished = {Online},
  url          = {https://chime-experiment.ca/en}
}

@mastersthesis{Curotto2019,
  author       = {Franco Curotto},
  title        = {Design, implementation and characterization of a radio frequency interference digital adaptive filter using a field-programmable gate array},
  school       = {University of Chile},
  address      = {Santiago, Chile},
  year         = 2019,
  howpublished = {Online},
  url          = {https://repositorio.uchile.cl/handle/2250/170919}
}

@misc{RTLSDR2018,
  author       = {{RTL-SDR Blog}},
  title        = {Cheap and Easy Hydrogen Line Radio Astronomy with an RTL-SDR, WiFi, Parabolic Grid Dish, LNA and SDRSharp},
  howpublished = {RTL-SDR Blog},
  year         = 2018,
  note         = {Online},
  url          = {https://www.rtl-sdr.com/cheap-and-easy-hydrogen-line-radio-astronomy-with-a-rtl-sdr-wifi-parabolic-grid-dish-lna-and-sdrsharp/}
}
